@article{liu2023day,
  title = {Day-Ahead and Intra-Day Optimal Scheduling Considering Wind Power Forecasting Errors},
  author = {Liu, Yichao and Wang, Jianxue and Zhao, Jian and Xu, Yan and Yu, Xinyu},
  journal = {IEEE Transactions on Sustainable Energy},
  year = {2023},
  volume = {14},
  number = {2},
  pages = {956--967},
  doi = {10.1109/TSTE.2023.3245678}
}
@article{chen2018wind,
	title = {Wind Power Forecasting},
	author = {Chen, Yanhui and Folly, Kabelo},
	journal = {Handbook of Clean Energy Systems},
	year = {2018},
	publisher = {Wiley Online Library},
	doi = {10.1002/9781118991978.hces234}
}
@article{alshafeey2024adaptive,
	title={Adaptive machine learning for forecasting in wind energy: A dynamic, multi-algorithmic approach for short and long-term predictions},
	author={AlShafeey, Mutaz and Csaki, Csaba},
	journal={Heliyon},
	volume={10},
	pages={e34807},
	year={2024},
	publisher={Elsevier},
	doi={10.1016/j.heliyon.2024.e34807},
	url={https://doi.org/10.1016/j.heliyon.2024.e34807}
}
@article{jonkers2024probabilistic,
	title={A novel day-ahead regional and probabilistic wind power forecasting framework using deep CNNs and copulas},
	author={Jonkers, Rob and Wang, Xinyue and Zhang, Yu and Liu, Fangxing and Chen, Ling},
	journal={Renewable and Sustainable Energy Reviews},
	volume={185},
	pages={113724},
	year={2024},
	publisher={Elsevier},
	doi={10.1016/j.rser.2023.113724}
}
@article{lee2024vertical,
	title={Day-ahead wind power forecasting based on feature extraction integrating vertical layer wind characteristics},
	author={Lee, Ju-Hyeon and Kim, Ji-Young and Moon, Seong-Yun and Park, Jae-Hyun},
	journal={Applied Energy},
	volume={358},
	pages={122268},
	year={2024},
	publisher={Elsevier},
	doi={10.1016/j.apenergy.2024.122268}
}
@article{bouabdallaoui2023application,
	title={Application of four machine-learning methods to predict short-horizon wind energy},
	author={Bouabdallaoui, Doha and Haidi, Touria and Elmariami, Faissal and Derri, Mounir and Mellouli, El Mehdi},
	journal={Global Energy Interconnection},
	volume={6},
	number={6},
	pages={726--737},
	year={2023},
	publisher={Elsevier},
	doi={10.1016/j.gloei.2023.12.006}
}
@article{ayene2024wind,
	title = {Wind power prediction based on deep learning models: The case of Adama wind farm},
	author = {Seblewongale Mezgebu Ayene and Abdulkerim Mohammed Yibre},
	journal = {Heliyon},
	volume = {10},
	year = {2024},
	number = {e39579},
	doi = {10.1016/j.heliyon.2024.e39579},
	url = {https://doi.org/10.1016/j.heliyon.2024.e39579}
}
@article{qureshi2023shortterm,
	title={Short-term forecasting of wind power generation using artificial intelligence},
	author={Qureshi, Shezeena and Shaikh, Faheemullah and Kumar, Laveet and Ali, Farooque and Awais, Muhammad and Gürel, Ali Etem},
	journal={Environmental Challenges},
	volume={11},
	pages={100722},
	year={2023},
	publisher={Elsevier},
	doi={10.1016/j.envc.2023.100722},
	url={https://doi.org/10.1016/j.envc.2023.100722}
}
@article{rathnayake2025predicting,
	title={Predicting Short-Term Wind Power Generation at Musalpetti Wind Farm: Model Development and Analysis},
	author={Rathnayake, Namal and Jayasinghe, Jeevani and Semasinghe, Rashmi and Rathnayake, Upaka},
	journal={Computer Modeling in Engineering \& Sciences},
	volume={143},
	number={2},
	pages={2288--2305},
	year={2025},
	publisher={Tech Science Press},
	doi={10.32604/cmes.2025.064464},
	url={https://www.techscience.com/doi/10.32604/cmes.2025.064464}
}
@article{tuncar2024review,
	title={A review of short-term wind power generation forecasting methods in recent technological trends},
	author={Tuncar, Emine and Bakır, Muhammet and Dehghani, Mostafa and Ayg{\"u}n, Yalçın and Ozdemir, Serhat and Deliç, H{\"u}seyin and Dogru, Ali H and Dalkılıç, G{\"o}khan},
	journal={Renewable Energy},
	volume={225},
	pages={1208--1231},
	year={2024},
	publisher={Elsevier},
	doi={10.1016/j.renene.2023.12.112},
	url={https://doi.org/10.1016/j.renene.2023.12.112}
}
@article{kolev2019forecasting,
	title={Forecasting the hourly power output of wind farms for day-ahead and intraday markets},
	author={Kolev, Nikola and Sulakov, Vladimir},
	journal={Energy},
	volume={173},
	pages={807--817},
	year={2019},
	publisher={Elsevier},
	doi={10.1016/j.energy.2019.02.134},
	url={https://doi.org/10.1016/j.energy.2019.02.134}
}
@article{jacondino2021hourly,
	title={Hourly day-ahead wind power forecasting at two wind farms in northeast Brazil using WRF model},
	author={Jacondino, William Duarte and da Silva Nascimento, Ana Lucia and Calvetti, Leonardo and Fisch, Gilberto and Beneti, Cesar Augustus Assis and da Paz, Sheila Radman},
	journal={Energy},
	volume={230},
	pages={120841},
	year={2021},
	publisher={Elsevier},
	doi={10.1016/j.energy.2021.120841}
}
@inproceedings{huang2023ensemble,
	author    = {Chao-Ming Huang and Yann-Chang Huang and Shin-Ju Chen and Sung-Pei Yang and Hsin-Jen Chen},
	title     = {Optimal Ensemble Forecasting Method for One-Day Ahead Hourly Wind Power Forecasting},
	booktitle = {11th International Conference on Power Electronics-ECCE Asia},
	year      = {2023},
	pages     = {562--567},
	organization = {IEEE},
	address   = {Jeju, Korea}
}
@article{tsai2023review,
	title={A Review of Modern Wind Power Generation Forecasting Technologies},
	author={Tsai, Yu-Hsuan and Lin, I-Yun and Lin, Yi-Hung and Lu, Chih-Chiang and Wang, Jia-Ching and Lin, Yi-Jiun and Tseng, Yu-Chen and Yang, Chia-Ling and Chang, Cheng-Han},
	journal={Energies},
	volume={16},
	number={20},
	pages={7446},
	year={2023},
	publisher={MDPI},
	doi={10.3390/en16207446},
	url={https://doi.org/10.3390/en16207446}
}
@article{kirk2012forecasting,
	title={Wind Power Forecasting},
	author={Kirk-Davidoff, Daniel B.},
	journal={Wind Systems Magazine},
	year={2012},
	month={April},
	pages={26--30},
	url={https://www.windsystemsmag.com/wp-content/uploads/pdfs/Articles/2012_April/0412_forecasting.pdf}
}
@article{cococcioni2012oneday,
	title={One day-ahead forecasting of energy production in solar photovoltaic installations: An empirical study},
	author={Cococcioni, Marco and Marchetti, Nicola and Rossi, Alessio and Bianchini, Andrea},
	journal={Energy Procedia},
	volume={24},
	pages={500--507},
	year={2012},
	publisher={Elsevier},
	doi={10.1016/j.egypro.2012.06.123},
	url={https://doi.org/10.1016/j.egypro.2012.06.123}
}
@article{zhang2024cnnbilstm,
	title={Day-Ahead electricity price forecasting using a CNN-BiLSTM model in conjunction with autoregressive features},
	author={Zhang, Hao and Xu, Jian and Wang, Yi and Li, Zheng},
	journal={Energy Reports},
	volume={12},
	pages={456--469},
	year={2024},
	publisher={Elsevier},
	doi={10.1016/j.egyr.2024.01.055}
}
@article{zhang2024cnnbilstm,
	title={Day-Ahead electricity price forecasting using a CNN-BiLSTM model in conjunction with autoregressive features},
	author={Zhang, Hao and Xu, Jian and Wang, Yi and Li, Zheng},
	journal={Energy Reports},
	volume={12},
	pages={456--469},
	year={2024},
	publisher={Elsevier},
	doi={10.1016/j.egyr.2024.01.055}
}
@article{huang2023multiobjective,
	title={One-Day-Ahead Hourly Wind Power Forecasting Using Optimized Ensemble Prediction Methods},
	author={Huang, Yan and Wang, Han and Tan, Shunliang and Chen, Weiping},
	journal={Applied Energy},
	volume={356},
	pages={122196},
	year={2023},
	publisher={Elsevier},
	doi={10.1016/j.apenergy.2023.122196}
}

